%%%%%%%%
% CHAPTER 1
%%%%%%%%

@book{beranek2012acoustics,
	title={Acoustics: sound fields and transducers},
	author={Beranek, Leo Leroy and Mellow, Tim},
	year={2012},
	publisher={Academic Press}
}

@book{kuttruff2016room,
	title={Room acoustics},
	author={Kuttruff, Heinrich},
	year={2016},
	publisher={Crc Press}
}

@book{sabine1922collected,
	title={Collected papers on acoustics},
	author={Sabine, Wallace Clement},
	year={1922},
	publisher={Harvard university press}
}

@book{pickles2013, address={Leiden ; Boston}, title={An introduction to the physiology of hearing}, ISBN={9789004243774}, publisher={Brill}, author={Pickles, James O}, year={2013} }
 
@article{lewicki2002coding, title={Efficient coding of natural sounds}, volume={5}, DOI={https://doi.org/10.1038/nn831}, number={4}, journal={Nature Neuroscience}, author={Lewicki, Michael S.}, year={2002}, month={Mar}, pages={356â€“363} }

@article{bronkhorst2000cocktail,
	title={The cocktail party phenomenon: A review of research on speech intelligibility in multiple-talker conditions},
	author={Bronkhorst, Adelbert W},
	journal={Acta acustica united with acustica},
	volume={86},
	number={1},
	pages={117--128},
	year={2000},
	publisher={European Acoustics Association}
}
 
 @article{risoud2018localization,
 	title={Sound source localization},
 	author={Risoud, Michael and Hanson, J-N and Gauvrit, Fanny and Renard, Christian and Lemesre, P-E and Bonne, N-X and Vincent, Christophe},
 	journal={European annals of otorhinolaryngology, head and neck diseases},
 	volume={135},
 	number={4},
 	pages={259--264},
 	year={2018},
 	publisher={Elsevier}
 }
 
 @article{shapiro2021hearing,
 	title={Hearing loss and tinnitus},
 	author={Shapiro, Scott B and Noij, Kimberley S and Naples, James G and Samy, Ravi N},
 	journal={Medical Clinics},
 	volume={105},
 	number={5},
 	pages={799--811},
 	year={2021},
 	publisher={Elsevier}
 }
 
 @article{schepker2016perceived,
 	title={Perceived listening effort and speech intelligibility in reverberation and noise for hearing-impaired listeners},
 	author={Schepker, Henning and Haeder, Kristina and Rennies, Jan and Holube, Inga},
 	journal={International journal of audiology},
 	volume={55},
 	number={12},
 	pages={738--747},
 	year={2016},
 	publisher={Taylor \& Francis}
 }
 
 @article{xia2018effects,
 	title={Effects of reverberation and noise on speech intelligibility in normal-hearing and aided hearing-impaired listeners},
 	author={Xia, Jing and Xu, Buye and Pentony, Shareka and Xu, Jingjing and Swaminathan, Jayaganesh},
 	journal={The Journal of the Acoustical Society of America},
 	volume={143},
 	number={3},
 	pages={1523--1533},
 	year={2018},
 	publisher={AIP Publishing}
 }
 
@article{tsironis2024adaptation,
	title={Adaptation to Reverberation for Speech Perception: A Systematic Review},
	author={Tsironis, Avgeris and Vlahou, Eleni and Kontou, Panagiota and Bagos, Pantelis and Kop{\v{c}}o, Norbert},
	journal={Trends in Hearing},
	volume={28},
	pages={23312165241273399},
	year={2024},
	publisher={SAGE Publications Sage CA: Los Angeles, CA}
}

@book{quatieri2002discrete,
	title={Discrete-time speech signal processing: principles and practice},
	author={Quatieri, Thomas F},
	year={2002},
	publisher={Pearson Education India}
}

@article{ohlenforst2017effects,
	title={Effects of hearing impairment and hearing aid amplification on listening effort: A systematic review},
	author={Ohlenforst, Barbara and Zekveld, Adriana A and Jansma, Elise P and Wang, Yang and Naylor, Graham and Lorens, Artur and Lunner, Thomas and Kramer, Sophia E},
	journal={Ear and hearing},
	volume={38},
	number={3},
	pages={267--281},
	year={2017},
	publisher={LWW}
}

@article{winn2021listening,
	title={Listening effort is not the same as speech intelligibility score},
	author={Winn, Matthew B and Teece, Katherine H},
	journal={Trends in Hearing},
	volume={25},
	pages={23312165211027688},
	year={2021},
	publisher={SAGE Publications Sage CA: Los Angeles, CA}
}

@article{george2010measuring,
	title={Measuring the effects of reverberation and noise on sentence intelligibility for hearing-impaired listeners},
	author={George, Erwin LJ and Goverts, S Theo and Festen, Joost M and Houtgast, Tammo},
	year={2010},
	publisher={ASHA}
}

@article{reinhart2018listener,
	title={Listener factors associated with individual susceptibility to reverberation},
	author={Reinhart, Paul N and Souza, Pamela E},
	journal={Journal of the American Academy of Audiology},
	volume={29},
	number={01},
	pages={073--082},
	year={2018},
	publisher={Thieme Medical Publishers}
}

@article{srinivasan2017role,
	title={The role of early and late reflections on spatial release from masking: Effects of age and hearing loss},
	author={Srinivasan, Nirmal Kumar and Stansell, Meghan and Gallun, Frederick J},
	journal={The Journal of the Acoustical Society of America},
	volume={141},
	number={3},
	pages={EL185--EL191},
	year={2017},
	publisher={AIP Publishing}
}

@article{roberts2003effects,
	title={Effects of noise and reverberation on the precedence effect in listeners with normal hearing and impaired hearing},
	author={Roberts, Richard A and Koehnke, Janet and Besing, Joan},
	year={2003},
	publisher={ASHA}
}

@article{rennies2022spatio,
	title={Spatio-temporal Integration of Speech Reflections in Hearing-Impaired Listeners},
	author={Rennies, Jan and Warzybok, Anna and Kollmeier, Birger and Brand, Thomas},
	journal={Trends in Hearing},
	volume={26},
	pages={23312165221143901},
	year={2022},
	publisher={SAGE Publications Sage CA: Los Angeles, CA}
}

@article{roberts2004effects,
	title={Effects of age and hearing loss on gap detection and the precedence effect},
	author={Roberts, Richard A and Lister, Jennifer J},
	year={2004},
	publisher={ASHA}
}

@article{wallach1949precedence,
	title={A precedence effect in sound localization},
	author={Wallach, Hans and Newman, Edwin B and Rosenzweig, Mark R},
	journal={The Journal of the Acoustical Society of America},
	volume={21},
	number={4\_Supplement},
	pages={468--468},
	year={1949},
	publisher={Acoustical Society of America}
}

@article{haas1951einflubeta,
	title={{\"U}ber den Einflu$\beta$ eines Einfachechos auf die H{\"o}rsamkeit von Sprache},
	author={Haas, Helmut},
	journal={Acta Acustica united with Acustica},
	volume={1},
	number={2},
	pages={49--58},
	year={1951},
	publisher={European Acoustics Association}
}

@article{litovsky1999precedence,
	title={The precedence effect},
	author={Litovsky, Ruth Y and Colburn, H Steven and Yost, William A and Guzman, Sandra J},
	journal={The Journal of the Acoustical Society of America},
	volume={106},
	number={4},
	pages={1633--1654},
	year={1999},
	publisher={Acoustical Society of America}
}

@article{cherry1953some,
	title={Some experiments on the recognition of speech, with one and with two ears},
	author={Cherry, E Colin},
	journal={The Journal of the acoustical society of America},
	volume={25},
	number={5},
	pages={975--979},
	year={1953},
	publisher={acoustical society of America}
}

@article{litovsky2012spatial,
	title={Spatial release from masking},
	author={Litovsky, Ruth Y},
	journal={Acoust. Today},
	volume={8},
	number={2},
	pages={18--25},
	year={2012}
}

@article{leclere2015speech,
	title={Speech intelligibility prediction in reverberation: Towards an integrated model of speech transmission, spatial unmasking, and binaural de-reverberation},
	author={Leclere, Thibaud and Lavandier, Mathieu and Culling, John F},
	journal={The Journal of the Acoustical Society of America},
	volume={137},
	number={6},
	pages={3335--3345},
	year={2015},
	publisher={AIP Publishing}
}

@article{shields2023exploring,
	title={Exploring the correlations between measures of listening effort in adults and children: a systematic review with narrative synthesis},
	author={Shields, Callum and Sladen, Mark and Bruce, Iain Alexander and Kluk, Karolina and Nichani, Jaya},
	journal={Trends in Hearing},
	volume={27},
	pages={23312165221137116},
	year={2023},
	publisher={SAGE Publications Sage CA: Los Angeles, CA}
}

@article{kryter1962methods,
	title={Methods for the calculation and use of the articulation index},
	author={Kryter, Karl D},
	journal={The Journal of the Acoustical Society of America},
	volume={34},
	number={11},
	pages={1689--1697},
	year={1962},
	publisher={Acoustical Society of America}
}

@techreport{ansi1997methods,
	type = {Standard},
	key = {ASA/ANSI S3.5-1997},
	year = {1997},
	title = {{Methods for Calculation of the Speech Intelligibility Index}},
	address = {New York, NY},
	institution = {American National Standards Institute}
}

@techreport{iec2003sti,
	type = {Standard},
	key = {IEC 60268-16:2020},
	year = {2003},
	title = {{Sound system equipment--Part 16: Objective rating of speech intelligibility by speech transmission index}},
	institution = {International Electrotechnical Commission}
}

@article{sato2008relationship,
	title={Relationship between listening difficulty and acoustical objective measures in reverberant sound fields},
	author={Sato, Hayato and Morimoto, Masayuki and Sato, Hiroshi and Wada, Megumi},
	journal={The Journal of the Acoustical Society of America},
	volume={123},
	number={4},
	pages={2087--2093},
	year={2008},
	publisher={AIP Publishing}
}

@inproceedings{taal2010short,
	title={A short-time objective intelligibility measure for time-frequency weighted noisy speech},
	author={Taal, Cees H and Hendriks, Richard C and Heusdens, Richard and Jensen, Jesper},
	booktitle={2010 IEEE international conference on acoustics, speech and signal processing},
	pages={4214--4217},
	year={2010},
	organization={IEEE}
}

@article{kates2022overview,
	title={An overview of the HASPI and HASQI metrics for predicting speech intelligibility and speech quality for normal hearing, hearing loss, and hearing aids},
	author={Kates, James M and Arehart, Kathryn H},
	journal={Hearing research},
	volume={426},
	pages={108608},
	year={2022},
	publisher={Elsevier}
}

@article{durlach1960note,
	title={Note on the equalization and cancellation theory of binaural masking level differences},
	author={Durlach, NI},
	journal={The Journal of the Acoustical Society of America},
	volume={32},
	number={8},
	pages={1075--1076},
	year={1960},
	publisher={AIP Publishing}
}

@article{beutelmann2006prediction,
	title={Prediction of speech intelligibility in spatial noise and reverberation for normal-hearing and hearing-impaired listeners},
	author={Beutelmann, Rainer and Brand, Thomas},
	journal={The Journal of the Acoustical Society of America},
	volume={120},
	number={1},
	pages={331--342},
	year={2006},
	publisher={Acoustical Society of America}
}

@article{rennies2022joint,
	title={A joint framework for blind prediction of binaural speech intelligibility and perceived listening effort},
	author={Rennies, Jan and R{\"o}ttges, Saskia and Huber, Rainer and Hauth, Christopher F and Brand, Thomas},
	journal={Hearing Research},
	volume={426},
	pages={108598},
	year={2022},
	publisher={Elsevier}
}

@article{van2008binaural,
	title={Binaural intelligibility prediction based on the speech transmission index},
	author={van Wijngaarden, Sander J and Drullman, Rob},
	journal={The Journal of the Acoustical Society of America},
	volume={123},
	number={6},
	pages={4514--4523},
	year={2008},
	publisher={AIP Publishing}
}

@article{andersen2018refinement,
	title={Refinement and validation of the binaural short time objective intelligibility measure for spatially diverse conditions},
	author={Andersen, Asger Heidemann and de Haan, Jan Mark and Tan, Zheng-Hua and Jensen, Jesper},
	journal={Speech Communication},
	volume={102},
	pages={1--13},
	year={2018},
	publisher={Elsevier}
}

@article{lavandier2023towards,
	title={Towards a binaural Hearing Aid Speech Perception Index (HASPI): predictions of anechoic spatial release from masking for normal-hearing listeners},
	author={Lavandier, Mathieu and Kates, J and Arehart, K},
	year={2023}
}

@article{torcoli2021objective,
	title={Objective measures of perceptual audio quality reviewed: An evaluation of their application domain dependence},
	author={Torcoli, Matteo and Kastner, Thorsten and Herre, J{\"u}rgen},
	journal={IEEE/ACM Transactions on Audio, Speech, and Language Processing},
	volume={29},
	pages={1530--1541},
	year={2021},
	publisher={IEEE}
}

@techreport{itu2003pesq,
	type = {Standard},
	key = {ITU P.862},
	year = {2001},
	title = {{Perceptual evaluation of speech quality (PESQ): An objective method for end-to-end speech quality assessment of narrow-band telephone networks and speech codecs}},
	institution = {International Telecommunication Union}
}

@techreport{itu2011polqa,
	type = {Standard},
	key = {ITU P.863},
	year = {2011},
	title = {{Perceptual objective listening quality assessment  }},
	institution = {International Telecommunication Union}
}

@article{hines2015visqol,
	title={ViSQOL: an objective speech quality model},
	author={Hines, Andrew and Skoglund, Jan and Kokaram, Anil C and Harte, Naomi},
	journal={EURASIP Journal on Audio, Speech, and Music Processing},
	volume={2015},
	pages={1--18},
	year={2015},
	publisher={Springer}
}

@inproceedings{hines2013robustness,
	title={Robustness of speech quality metrics to background noise and network degradations: Comparing ViSQOL, PESQ and POLQA},
	author={Hines, Andrew and Skoglund, Jan and Kokaram, Anil and Harte, Naomi},
	booktitle={2013 IEEE International Conference on Acoustics, Speech and Signal Processing},
	pages={3697--3701},
	year={2013},
	organization={IEEE}
}

@article{bruce2018phenomenological,
	title={A phenomenological model of the synapse between the inner hair cell and auditory nerve: Implications of limited neurotransmitter release sites},
	author={Bruce, Ian C and Erfani, Yousof and Zilany, Muhammad SA},
	journal={Hearing research},
	volume={360},
	pages={40--54},
	year={2018},
	publisher={Elsevier}
}

@article{zilany2014updated,
	title={Updated parameters and expanded simulation options for a model of the auditory periphery},
	author={Zilany, Muhammad SA and Bruce, Ian C and Carney, Laurel H},
	journal={The Journal of the Acoustical Society of America},
	volume={135},
	number={1},
	pages={283--286},
	year={2014},
	publisher={AIP Publishing}
}

@article{hines2010speech,
	title={Speech intelligibility from image processing},
	author={Hines, Andrew and Harte, Naomi},
	journal={Speech Communication},
	volume={52},
	number={9},
	pages={736--752},
	year={2010},
	publisher={Elsevier}
}

@article{hines2012speech,
	title={Speech intelligibility prediction using a neurogram similarity index measure},
	author={Hines, Andrew and Harte, Naomi},
	journal={Speech Communication},
	volume={54},
	number={2},
	pages={306--320},
	year={2012},
	publisher={Elsevier}
}

@inproceedings{zilany2007predictions,
	title={Predictions of speech intelligibility with a model of the normal and impaired auditory-periphery},
	author={Zilany, Muhammad SA and Bruce, Ian C},
	booktitle={2007 3rd International IEEE/EMBS Conference on Neural Engineering},
	pages={481--485},
	year={2007},
	organization={IEEE}
}

@article{wirtzfeld2017predictions,
	title={Predictions of speech chimaera intelligibility using auditory nerve mean-rate and spike-timing neural cues},
	author={Wirtzfeld, Michael R and Ibrahim, Rasha A and Bruce, Ian C},
	journal={Journal of the Association for Research in Otolaryngology},
	volume={18},
	pages={687--710},
	year={2017},
	publisher={Springer}
}

@article{schroeder1962frequency,
	title={On frequency response curves in rooms. Comparison of experimental, theoretical, and Monte Carlo results for the average frequency spacing between maxima},
	author={Schroeder, Manfred R and Kuttruff, KH},
	journal={The Journal of the Acoustical Society of America},
	volume={34},
	number={1},
	pages={76--80},
	year={1962},
	publisher={AIP Publishing}
}

@article{atal1971speech,
	title={Speech analysis and synthesis by linear prediction of the speech wave},
	author={Atal, Bishnu S and Hanauer, Suzanne L},
	journal={The journal of the acoustical society of America},
	volume={50},
	number={2B},
	pages={637--655},
	year={1971},
	publisher={Acoustical Society of America}
}

@book{wiener1949extrapolation,
	title={Extrapolation, interpolation, and smoothing of stationary time series: with engineering applications},
	author={Wiener, Norbert},
	year={1949},
	publisher={The MIT press}
}

@article{saito1967theoretical,
	title={Theoretical consideration of the statistical optimum recognition of the spectral density of speech},
	author={Saito, S and Itakura, F and others},
	journal={J. Acoust. Soc. Japan},
	year={1967}
}

@article{atal1970adaptive,
	title={Adaptive predictive coding of speech signals},
	author={Atal, Bishnu S and Schroeder, Manfred R},
	journal={Bell System Technical Journal},
	volume={49},
	number={8},
	pages={1973--1986},
	year={1970},
	publisher={Wiley Online Library}
}

%%%%%%%%
% CHAPTER 2
%%%%%%%%

@article{neely1979invertibility,
	title={Invertibility of a room impulse response},
	author={Neely, Stephen T and Allen, Jont B},
	journal={The Journal of the Acoustical Society of America},
	volume={66},
	number={1},
	pages={165--169},
	year={1979},
	publisher={Acoustical Society of America}
}

@ARTICLE{kormylo1974twopass,
	author={Kormylo, J. and Jain, V.},
	journal={IEEE Transactions on Acoustics, Speech, and Signal Processing}, 
	title={Two-pass recursive digital filter with zero phase shift}, 
	year={1974},
	volume={22},
	number={5},
	pages={384-387},
	keywords={Digital filters;Circuit theory;Circuit noise;Transfer functions;Frequency;Filtering theory;Adders;Circuit stability;Scattering},
	doi={10.1109/TASSP.1974.1162602}
}

@article{treitel1966design,
	title={The design of high-resolution digital filters},
	author={Treitel, S and Robinson, EA},
	journal={IEEE Transactions on geoscience Electronics},
	volume={4},
	number={1},
	pages={25--38},
	year={1966},
	publisher={IEEE}
}

@article{mourjopoulos1985variation,
	title={On the variation and invertibility of room impulse response functions},
	author={Mourjopoulos, J},
	journal={Journal of Sound and Vibration},
	volume={102},
	number={2},
	pages={217--228},
	year={1985},
	publisher={Elsevier}
}

@inproceedings{omura1999compensating,
	title={Compensating of room acoustic transfer functions affected by change of room temperature},
	author={Omura, Michiaki and Yada, Motohiko and Saruwatari, Hiroshi and Kajita, Shoji and Takeda, Kazuya and Itakura, Fumitada},
	booktitle={1999 IEEE International Conference on Acoustics, Speech, and Signal Processing. Proceedings. ICASSP99 (Cat. No. 99CH36258)},
	volume={2},
	pages={941--944},
	year={1999},
	organization={IEEE}
}

@article{brannmark2009spatially,
	title={Spatially robust audio compensation based on SIMO feedforward control},
	author={Brannmark, Lars-Johan and Ahl{\'e}n, Anders},
	journal={IEEE Transactions on Signal Processing},
	volume={57},
	number={5},
	pages={1689--1702},
	year={2009},
	publisher={IEEE}
}

@article{elliott1989multiple,
	title={Multiple-point equalization in a room using adaptive digital filters},
	author={Elliott, Stephen J and Nelson, Philip A},
	journal={Journal of the Audio Engineering Society},
	volume={37},
	number={11},
	pages={899--907},
	year={1989},
	publisher={Audio Engineering Society}
}

@article{haneda1997multiple,
	title={Multiple-point equalization of room transfer functions by using common acoustical poles},
	author={Haneda, Yoichi and Makino, Shoji and Kaneda, Yutaka},
	journal={IEEE transactions on speech and audio processing},
	volume={5},
	number={4},
	pages={325--333},
	year={1997},
	publisher={IEEE}
}

@article{karjalainen2006equalization,
	title={Equalization of loudspeaker and room responses using Kautz filters: Direct least squares design},
	author={Karjalainen, Matti and Paatero, Tuomas},
	journal={EURASIP Journal on Advances in Signal Processing},
	volume={2007},
	pages={1--13},
	year={2006},
	publisher={Springer}
}

@article{maamar2006partial,
	title={Partial equalization of non-minimum-phase impulse responses},
	author={Maamar, Ahfir and Kale, Izzet and Krukowski, Artur and Daoud, Berkani},
	journal={EURASIP Journal on Advances in Signal Processing},
	volume={2006},
	pages={1--8},
	year={2006},
	publisher={Springer}
}

@inproceedings{mei2009room,
	title={Room impulse response reshaping/shortening based on least mean squares optimizationwith infinity norm constraint},
	author={Mei, Tiemin and Mertins, Alfred and Kallinger, Markus},
	booktitle={2009 16th International Conference on Digital Signal Processing},
	pages={1--6},
	year={2009},
	organization={IEEE}
}

@inproceedings{johansen1996excess,
	title={The excess phase in loudspeaker/room transfer functions: Can it be ignored in equalization tasks?},
	author={Johansen, Lars G and Rubak, Per},
	booktitle={Audio Engineering Society Convention 100},
	year={1996},
	organization={Audio Engineering Society}
}

@article{radlovic2000nonminimum,
	title={Nonminimum-phase equalization and its subjective importance in room acoustics},
	author={Radlovic, Biljana D and Kennedy, Rodney A},
	journal={IEEE Transactions on Speech and Audio Processing},
	volume={8},
	number={6},
	pages={728--737},
	year={2000},
	publisher={IEEE}
}

@article{maamar2006partial,
	title={Partial equalization of non-minimum-phase impulse responses},
	author={Maamar, Ahfir and Kale, Izzet and Krukowski, Artur and Daoud, Berkani},
	journal={EURASIP Journal on Advances in Signal Processing},
	volume={2006},
	pages={1--8},
	year={2006},
	publisher={Springer}
}

@article{mourjopoulos1991pole,
	title={Pole and zero modeling of room transfer functions},
	author={Mourjopoulos, J and Paraskevas, MA},
	journal={Journal of Sound and Vibration},
	volume={146},
	number={2},
	pages={281--302},
	year={1991},
	publisher={Elsevier}
}

@article{haneda1997multiple,
	title={Multiple-point equalization of room transfer functions by using common acoustical poles},
	author={Haneda, Yoichi and Makino, Shoji and Kaneda, Yutaka},
	journal={IEEE transactions on speech and audio processing},
	volume={5},
	number={4},
	pages={325--333},
	year={1997},
	publisher={IEEE}
}

@article{toole1988modification,
	title={The modification of timbre by resonances: Perception and measurement},
	author={Toole, Floyd E and Olive, Sean E},
	journal={Journal of the Audio Engineering Society},
	volume={36},
	number={3},
	pages={122--142},
	year={1988},
	publisher={Audio Engineering Society}
}

@article{clarkson1985spectral,
	title={Spectral, phase, and transient equalization for audio systems},
	author={Clarkson, Peter M and Mourjopoulos, John and Hammond, JK},
	journal={Journal of the Audio Engineering Society},
	volume={33},
	number={3},
	pages={127--132},
	year={1985},
	publisher={Audio Engineering Society}
}

@inproceedings{mourjopoulos1982comparative,
	title={A comparative study of least-squares and homomorphic techniques for the inversion of mixed phase signals},
	author={Mourjopoulos, John and Clarkson, P and Hammond, J},
	booktitle={ICASSP'82. IEEE International Conference on Acoustics, Speech, and Signal Processing},
	volume={7},
	pages={1858--1861},
	year={1982},
	organization={IEEE}
}

@article{ford1978optimum,
	title={Optimum mixed delay spiking filters},
	author={Ford, Wayne T},
	journal={Geophysics},
	volume={43},
	number={1},
	pages={125--132},
	year={1978},
	publisher={Society of Exploration Geophysicists}
}

@inproceedings{kulp1988digital,
	title={Digital equalization using Fourier transform techniques},
	author={Kulp, Barry D},
	booktitle={Audio Engineering Society Convention 85},
	year={1988},
	organization={Audio Engineering Society}
}

@article{kirkeby1996fast,
	title={Fast deconvolution of multi-channel systems using regularisation},
	author={Kirkeby, Ole and Nelson, Philip A and Hamada, Hareo and Orduna-Bustamante, Felipe and de Acoustica, Seccion},
	journal={PROCEEDINGS-INSTITUTE OF ACOUSTICS},
	volume={18},
	pages={2829--2832},
	year={1996},
	publisher={Citeseer}
}

@inproceedings{bean1989loudspeaker,
	title={Loudspeaker and room correction using digital signal processing},
	author={Bean, Colin and Craven, Peter G},
	booktitle={Audio Engineering Society Convention 86},
	year={1989},
	organization={Audio Engineering Society}
}

@inproceedings{miyoshi1986inverse,
	title={Inverse control of room acoustics using multiple loudspeakers and/or microphones},
	author={Miyoshi, Masato and Kaneda, Yutaka},
	booktitle={ICASSP'86. IEEE International Conference on Acoustics, Speech, and Signal Processing},
	volume={11},
	pages={917--920},
	year={1986},
	organization={IEEE}
}

@article{miyoshi1988inverse,
	title={Inverse filtering of room acoustics},
	author={Miyoshi, Masato and Kaneda, Yutaka},
	journal={IEEE Transactions on acoustics, speech, and signal processing},
	volume={36},
	number={2},
	pages={145--152},
	year={1988},
	publisher={IEEE}
}

@article{nakajima1997sound,
	title={Sound field control by indefinite MINT filters},
	author={Nakajima, Hirofumi and Miyoshi, Masato and Tohyama, Mikio},
	journal={IEICE transactions on fundamentals of electronics, communications and computer sciences},
	volume={80},
	number={5},
	pages={821--824},
	year={1997},
	publisher={The Institute of Electronics, Information and Communication Engineers}
}

@book{farhang2013adaptive,
	title={Adaptive filters: theory and applications},
	author={Farhang-Boroujeny, Behrouz},
	year={2013},
	publisher={John wiley \& sons}
}

@article{lucky1965automatic,
	title={Automatic equalization for digital communication},
	author={Lucky, Robert W},
	journal={Bell System Technical Journal},
	volume={44},
	number={4},
	pages={547--588},
	year={1965},
	publisher={Wiley Online Library}
}

@book{ding2018blind,
	title={Blind equalization and identification},
	author={Ding, Zhi and Li, Ye},
	year={2018},
	publisher={CRC press}
}

@article{sato1975method,
	title={A method of self-recovering equalization for multilevel amplitude-modulation systems},
	author={Sato, Yoichi},
	journal={IEEE Transactions on communications},
	volume={23},
	number={6},
	pages={679--682},
	year={1975},
	publisher={IEEE}
}

@article{godard1980self,
	title={Self-recovering equalization and carrier tracking in two-dimensional data communication systems},
	author={Godard, Dominique},
	journal={IEEE transactions on communications},
	volume={28},
	number={11},
	pages={1867--1875},
	year={1980},
	publisher={IEEE}
}