@ARTICLE{example,
  author = {Devenyi, G. A.},
  title = {{Example Reference}},
  year = {2013},
  volume = {1},
  number = {1},
  month = november,
  pages = {100--101},
  doi = {doi:10.10.1038/nphys1170},
  journal = {Journal of Example References},
  publisher = {McMaster University}
}
